<?xml version="1.0" encoding="UTF-8"?><collection xmlns="http://www.loc.gov/MARC21/slim"><record><leader>00377nam--2200145-i-4500</leader><controlfield tag="001">000029473</controlfield><controlfield tag="002">20161230</controlfield><controlfield tag="005">20161230201037</controlfield><controlfield tag="008">060222s1000------------r-----000-0-eng-d</controlfield><datafield ind1=" " ind2=" " tag="080"><subfield code="a">621.775.7</subfield></datafield><datafield ind1=" " ind2=" " tag="100"><subfield code="a">Labusca,  Elena</subfield></datafield><datafield ind1=" " ind2=" " tag="245"><subfield code="a">Introducere in metalurgia pulberilor</subfield></datafield><datafield ind1=" " ind2=" " tag="260"><subfield code="a">Bucuresti. Acad.R.P.R./1957. 289-291p</subfield></datafield><datafield ind1=" " ind2=" " tag="490"><subfield code="a">Monografii De Tehnica Iii</subfield></datafield><datafield ind1=" " ind2=" " tag="852"><subfield code="a">4544</subfield></datafield></record></collection>